%the terms like handout and texTemp are the unique identifiers you use to cite the item in your paper
@unpublished{handout,  
 author= {Clark Savage Turner},
 title     = {Term Paper Proposal},
 year   =  {2010},
 month = {Fall},
 url  = {http://true-reality.net/csc300/resources/assets/Term\%20Paper\%20Proposal\%20F10.pdf},
 annote = {This source was used to get the requirements for each section of the template.},
 note = {}
}
@unpublished{texTemp,
 author= {Jason Anderson},
 title     = {How to Write a SE Code Argument / Term Paper Template},
 year   =  {2010},
 month = {May},
 url  = {http://true-reality.net/csc300archive/documents/paperInst.tex},
 annote = {Used this to get started making the template.},
 note = {}
}

@misc{BibTex,   
 title = {BibTeX},
 url  = {http://en.wikipedia.org/wiki/BibTeX#Bibliographic_information_file},
 annote = {Useful in figuring out how to create the .bib file},
}

@misc{BibMang,   
 title     = {LaTeX/Bibliography Management},
 url  = {http://en.wikibooks.org/wiki/LaTeX/Bibliography_Management},
 annote = {Useful in figuring out the bibliography structure in tex},
}

@misc{bibStyle,
 title = {IEEEannot: A LaTeX IEEE Annotated Bibliography Style Template},
 url = {http://www.barik.net/sw/ieee/},
 annote = {the web page where you can download the IEEE annotate style to allow annotations in a bibliography.  Put it in the same folder as the .bib and .tex files.  },
 }