@unpublished{handout,
   author   = {Clark Savage Turner},
   title    = {Term Paper Proposal},
   year     = {2010},
   month    = {September},
   url      = {http://true-reality.net/csc300/resources/assets/Term\%20Paper\%20Proposal\%20F10.pdf},
   annote   = {This source was used to get the requirements for each section of the template.},
}

@unpublished{texTemp,
   author   = {Jason Anderson},
   title    = {How to Write a SE Code Argument / Term Paper Template},
   year     = {2010},
   month    = {May},
   url      = {http://true-reality.net/csc300archive/documents/paperInst.tex},
   annote   = {Used this to get started making the template.},
}

@misc{BibTex,
   title    = {BibTeX},
   url      = {http://en.wikipedia.org/wiki/BibTeX#Bibliographic_information_file},
   annote   = {Useful in figuring out how to create the .bib file},
   key      = {Wikipedia}
}

@misc{BibMang,
   title    = {LaTeX/Bibliography Management},
   url      = {http://en.wikibooks.org/wiki/LaTeX/Bibliography_Management},
   annote   = {Useful in figuring out the bibliography structure in tex},
   key      = {Wikipedia},
}

@misc{secode,
   title    = {Software Engineering Code of Ethics},
   url      = {http://www.acm.org/about/se-code},
   annote   = {The Software Engineering Code of Ethics, co-written by ACM and IEEE.},
   author   = {Association of Computing Machinery},
}

@misc{acmcoe,
   title    = {ACM Code of Ethics},
   url      = {http://www.acm.org/about/code-of-ethics},
   annote   = {The ACM Code of Ethics.},
   author   = {Association of Computing Machinery},
}

@misc{kant,
   title    = {Kant's Moral Philosophy},
   url      = {http://plato.stanford.edu/entries/kant-moral/},
   annote   = {A good guide to Kant's moral philosophy, explaining the principles therein.},
   author   = {Robert Johnson}
}

@misc{deont,
   title    = {Virtue Ethics},
   url      = {http://plato.stanford.edu/entries/ethics-virtue/},
   annote   = {Explains Deontology and other rule based ethic systems.},
   author   = {Rosalind Hursthouse}
}

@misc{util,
   title    = {Utilitarianism},
   url      = {http://www.qcc.cuny.edu/socialsciences/ppecorino/intro_text/Chapter%208%20Ethics/Utilitarianism.htm},
   annote   = {An explanation of Utilitarian ethics. Useful in analysing problems like the one this paper deals with.},
   year     = {2000},
   author   = {Philip A. Pecorino},
}

@misc{cablegate,
   title    = {WikiLeaks Cablegate Press Release},
   url      = {http://wikileaks.ch/cablegate.html},
   annote   = {A press release by WikiLeaks, ``Wikileaks began on Sunday November 28th publishing 251,287 leaked United States embassy cables, the largest set of confidential documents ever to be released into the public domain.''},
   year     = {2010},
   month    = {November},
   day      = {28},
   author   = {Julian Assange}
}

@misc{tpbverdict,
   title    = {TorrentFreak's Coverage of the Pirate Bay Verdict},
   url      = {http://torrentfreak.com/the-pirate-bay-trial-the-verdict-090417/},
   author   = {enigmax},
   annote   = {TorrentFreak is a blog, and they did a meticulous job of covering every day of the Pirate Bay Trial, it's verdict and the Appeals. This is their article from the day of the verdict.},
   year     = {2009},
   month    = {April},
   day      = {17}
}

@misc{t17c1s102,
   title    = {United States Copyright Law: Title 17, Chapter 1, Section 102},
   url      = {http://www.copyright.gov/title17/92chap1.html#102},
   annote   = {An important section of US Copyright Law describing what can and can not be copyrighted.},
   author   = {United States of America}
}

@misc{t17c1s103,
   title    = {United States Copyright Law: Title 17, Chapter 1, Section 103},
   url      = {http://www.copyright.gov/title17/92chap1.html#103},
   annote   = {An important section of US Copyright Law describing whos work falls under US Copyright Law.},
   author   = {United States of America}
}

@misc{t17c1s106,
   title    = {United States Copyright Law: Title 17, Chapter 1, Section 106},
   url      = {http://www.copyright.gov/title17/92chap1.html#103},
   annote   = {Describes the exclusive rights of copyright holders in the USA.},
   author   = {United States of America}
}

@misc{t17s117,
   title    = {United States Code: Title 17,117. Limitations on exclusive rights: Computer programs},
   url      = {http://www.law.cornell.edu/uscode/17/117.html},
   annote   = {Cornell's summary of the rights copyright holders have in regards to computer programs.},
   author   = {Legal Information Institute}
}

@misc{btabout,
   title    = {BitTorrent - Management Team},
   url      = {http://www.bittorrent.com/company/management},
   annote   = {A little history about BitTorrent Inc. and their management team.},
   author   = {BitTorrent Inc.},
}

@misc{nprWikileaks,
   title    = {Is WikiLeaks Release Brave Or Unethical?},
   url      = {http://www.npr.org/2010/11/30/131699467/is-wikileaks-release-brave-or-unethical},
   author   = {Tony Cox},
   annote   = {Talk of the Nation explores the Wikileaks controversy.},
   publisher= {National Public Radio},
}

@misc{hnUnethical,
   title    = {Ask HN: Did you ever do anything unethical to get your startup off the ground?},
   url      = {http://news.ycombinator.com/item?id=1589257},
   organization = {Hacker News},
   annote   = {An online discussion about the ethics of company owners.},
}

@article{hawker,
   title    = {The happy hawker},
   year     = {1992},
   month    = {January},
   day      = {6},
   journal  = {New York Magazine},
   volume   = {25},
   author   = {Dinitia Smith},
   annote   = {An interview with a large book publisher in the early ninties who showed little remorse in publishing the obscene and the offensive but then decided not to publish \emph{The Ancharchists Cookbook}.},
}

@misc{1989texas,
   title    = {{Texas v. Johnson}},
   booktitle= {US},
   volume   = {491},
   pages    = {397},
   number   = {No. 88-155},
   year     = {1989},
   publisher= {Supreme Court},
   annote   = {First Amendment case claiming the difference between societies morals and the law.},
}

@misc{1988hustler,
   title    = {{Hustler Magazine, Inc. v. Falwell}},
   booktitle= {US},
   volume   = {485},
   pages    = {46},
   number   = {No. 86-1278},
   year     = {1988},
   publisher= {Supreme Court},
   annote   = {Landmark case on the First Amendment in relation to publishers.},
}

@misc{rawls,
   title    = {Distributive Justice},
   url      = {http://plato.stanford.edu/archives/spr2007/entries/justice-distributive/},
   annote   = {the Stanford Encyclopedia of Philosophy's article on Rawlsian Justice.},
   author   = {Julian Lamont, Christi Favor},
}

@misc{utorrentEula,
   url      = {http://www.utorrent.com/legal/eula},
   author   = {BitTorrent Inc.},
   title    = {uTorrent's End User License Agreement.},
}

@article{pubgooddef,
   title    = {Dictionary.com's 21st Century Lexicon},
   month    = {Feb},
   day	   = {03},
   year	   = {2011},
   url	   = {http://dictionary.reference.com/browse/public good},
}

@misc{2000m,
   title    = {{A \& M RECORDS, INC. v. Napster, Inc.}},
   booktitle= {F. Supp. 2d},
   volume   = {114},
   pages    = {896},
   number   = {No. C 99-5183 MHP},
   year     = {2000},
   publisher= {Dist. Court, ND California}
}

@misc{cohen,
   url      = {http://bramcohen.com/resume.txt},
   title    = {Bram Cohen},
   author   = {Bram Cohen},
   annote   = {Bram Cohen's Resume.}
}

@misc{wiredbt,
   url      = {http://www.wired.com/wired/archive/13.01/bittorrent_pr.html},
   year     = {2005},
   month    = {Jan},
   title    = {The BitTorrent Effect},
   author   = {Clive Thompson},
   annote   = {An article from Wired Magazine describing how BitTorrent works.}
}
