@misc{BibTex,
   title    = {BibTeX},
   url      = {http://en.wikipedia.org/wiki/BibTeX#Bibliographic_information_file},
   annote   = {Useful in figuring out how to create the .bib file},
   key      = {Wikipedia}
}
